<?xml version="1.0" encoding="UTF-8"?><record xmlns="http://www.loc.gov/MARC21/slim" xmlns:cinclude="http://apache.org/cocoon/include/1.0" xmlns:zs="http://www.loc.gov/zing/srw/">
  <leader>00464cz  a2200133n  4500</leader>
  <controlfield tag="001">n 2003093105</controlfield>
  <controlfield tag="003">DLC</controlfield>
  <controlfield tag="005">20030307132750.0</controlfield>
  <controlfield tag="008">030307n| acannaabn          |a aaa      </controlfield>
  <datafield tag="010" ind1=" " ind2=" ">
    <subfield code="a">n 2003093105</subfield>
  </datafield>
  <datafield tag="040" ind1=" " ind2=" ">
    <subfield code="a">DLC</subfield>
    <subfield code="b">eng</subfield>
    <subfield code="c">DLC</subfield>
  </datafield>
  <datafield tag="100" ind1="1" ind2=" ">
    <subfield code="a">Ziganshin, R. A.</subfield>
    <subfield code="q">(Rashid Askhatʹevich)</subfield>
  </datafield>
  <datafield tag="400" ind1="1" ind2=" ">
    <subfield code="a">Ziganshin, Rashid Askhatʹevich</subfield>
  </datafield>
  <datafield tag="670" ind1=" " ind2=" ">
    <subfield code="a">His Taksat︠s︡ii︠a︡ gornykh lesov na prirodnoĭ osnove, 1997:</subfield>
    <subfield code="b">t.p. (R.A. Zaganshin) colophon (Ziganshin Rashid Askhatʹevich)</subfield>
  </datafield>
</record>